<record><leader>00000cas a22000007a 4500</leader><controlfield tag="001">27194660</controlfield><controlfield tag="008">930104d19141922nmuwr ne      0    0eng d</controlfield><datafield ind1=" " ind2=" " tag="010"><subfield code="a">sn 93061473 </subfield></datafield><datafield ind1=" " ind2=" " tag="040"><subfield code="a">NVM</subfield><subfield code="b">eng</subfield><subfield code="c">NVM</subfield><subfield code="d">OCLCQ</subfield><subfield code="d">OCLCF</subfield><subfield code="d">OCLCO</subfield></datafield><datafield ind1=" " ind2=" " tag="042"><subfield code="a">msc</subfield></datafield><datafield ind1=" " ind2=" " tag="043"><subfield code="a">n-us-nm</subfield></datafield><datafield ind1="0" ind2="4" tag="245"><subfield code="a">The Nara Visa news.</subfield></datafield><datafield ind1=" " ind2=" " tag="260"><subfield code="a">Nara Visa, N.M. :</subfield><subfield code="b">E.F. Snyder</subfield></datafield><datafield ind1=" " ind2=" " tag="300"><subfield code="a">v.</subfield></datafield><datafield ind1=" " ind2=" " tag="310"><subfield code="a">Weekly</subfield></datafield><datafield ind1="0" ind2=" " tag="362"><subfield code="a">Vol. 8, no. 27 (July 17, 1914)-v. 15, no. 50 (June 29, 1922).</subfield></datafield><datafield ind1=" " ind2="0" tag="651"><subfield code="a">Nara Visa (N.M.)</subfield><subfield code="v">Newspapers.</subfield></datafield><datafield ind1=" " ind2="0" tag="651"><subfield code="a">Quay County (N.M.)</subfield><subfield code="v">Newspapers.</subfield></datafield><datafield ind1=" " ind2="7" tag="655"><subfield code="a">Newspapers.</subfield><subfield code="2">fast</subfield><subfield code="0">(OCoLC)fst01423814</subfield></datafield><datafield ind1=" " ind2="7" tag="651"><subfield code="a">New Mexico</subfield><subfield code="z">Nara Visa.</subfield><subfield code="2">fast</subfield><subfield code="0">(OCoLC)fst01305954</subfield></datafield><datafield ind1=" " ind2="7" tag="651"><subfield code="a">New Mexico</subfield><subfield code="z">Quay County.</subfield><subfield code="2">fast</subfield><subfield code="0">(OCoLC)fst01215726</subfield></datafield><datafield ind1=" " ind2=" " tag="752"><subfield code="a">United States</subfield><subfield code="b">New Mexico</subfield><subfield code="c">Quay</subfield><subfield code="d">Nara Visa.</subfield></datafield><datafield ind1="0" ind2="0" tag="780"><subfield code="t">New Mexico news, the Nara Visa New Mexican</subfield><subfield code="w">(DLC)sn 93061806</subfield></datafield></record>